@article{Navarro:2001:GTA:375360.375365,
 author = {Navarro, Gonzalo},
 title = {A Guided Tour to Approximate String Matching},
 journal = {ACM Comput. Surv.},
 issue_date = {March 2001},
 volume = {33},
 number = {1},
 month = mar,
 year = {2001},
 issn = {0360-0300},
 pages = {31--88},
 numpages = {58},
 url = {http://doi.acm.org/10.1145/375360.375365},
 doi = {10.1145/375360.375365},
 acmid = {375365},
 publisher = {ACM},
 address = {New York, NY, USA},
 keywords = {Levenshtein distance, edit distance, online string matching, text searching allowing errors},
}

@misc{Heus,
    author = {de Heus, Steven},
    title = "{A Case Study for GPGPU Program Verification}",
    howpublished = {\url{http://referaat.cs.utwente.nl/conference/20/paper/7428/a-case-study-for-gpgpu-program-verification.pdf}}
}

@CONFERENCE{Farivar2012,
author={Farivar, R.a  and Kharbanda, H.a  and Venkataraman, S.b  and Campbell, R.H.a },
title={An algorithm for fast edit distance computation on GPUs},
journal={2012 Innovative Parallel Computing, InPar 2012},
year={2012},
doi={10.1109/InPar.2012.6339593},
art_number={6339593},
note={cited By 0; Conference of 2012 Innovative Parallel Computing, InPar 2012 ; Conference Date: 13 May 2012 Through 14 May 2012;  Conference Code:94232},
url={http://www.scopus.com/inward/record.url?eid=2-s2.0-84870723547&partnerID=40&md5=967a72cf62bd8349aa0d42de585f14c5},
affiliation={University of Illinois, Urbana-Champaign, IL, United States; University of California, Berkeley, CA, United States},
address={San Jose, CA},
isbn={9781467326322},
language={English},
abbrev_source_title={Innovative Parallel Comput., InPar},
document_type={Conference Paper},
source={Scopus},
}

@article{Cluster,
        author={Jo,G. and Nah,J. and Lee,J. and Kim,J. and Lee,J.},
        year={2014},
        title="{Accelerating LINPACK with MPI-OpenCL on Clusters of Multi-GPU Nodes}",
        journal={IEEE Transactions on Parallel and Distributed Systems},
        volume={26},
        number={7},
        pages={1814-1825},
        language={English},
}

@manual{OpenCL,
    title       = {The OpenCL Specification},
    author      = "Aaftab Munshi",
    organization    = {Khronos OpenCL Working Group},
    year        = "2012",
    month       = "November",
}

@misc{MPI,
    title = {MPI : A Message-Passing Interface Standard},
    author = "{University of Tennessee, Knoxville, Tennessee}",
    version = "Version 3.1",
    howpublished = {\url{http://www.mpi-forum.org/docs/mpi-3.1/mpi31-report.pdf}},
}

@misc{CUDA,
    title = "{CUDA GPUs}",
    author = "{NVIDIA Corporation}",
    month = "October",
    year = "2015",
    howpublished = {\url{https://developer.nvidia.com/cuda-gpus}},
}

@misc{Kronos:conformant,
    title = {Conformant Products},
    author = "{Kronos Group}",
    howpublished = {\url{https://www.khronos.org/conformance/adopters/conformant-products#opencl}},
}

@inproceedings{Jordan,
author={Balhaf,K. and Shehab,M. A. and Al-Sarayrah,W. T. and Al-Ayyoub,M. and Al-Saleh,M. and Jararweh,Y.},
editor={ },
year={2016},
title={Using GPUs to speed-up Levenshtein edit distance computation},
booktitle={2016 7th International Conference on Information and Communication Systems, ICICS 2016},
pages={80-84},
language={English},
url={www.scopus.com},
}

